<?xml version="1.0" encoding="UTF-8"?><collection xmlns="http://www.loc.gov/MARC21/slim"><record><leader>00604nam--2200217-u-4500</leader><controlfield tag="001">000052666</controlfield><controlfield tag="002">20161230</controlfield><controlfield tag="005">20161230201050</controlfield><controlfield tag="008">101002s1000------------r-----000-0-rus-d</controlfield><datafield ind1=" " ind2=" " tag="040"><subfield code="a">IFIN-HH</subfield></datafield><datafield ind1=" " ind2=" " tag="041"><subfield code="a">rus</subfield></datafield><datafield ind1=" " ind2=" " tag="080"><subfield code="a">533.9.16</subfield></datafield><datafield ind1="1" ind2=" " tag="100"><subfield code="a">Simon, Albert</subfield></datafield><datafield ind1="1" ind2="0" tag="245"><subfield code="a">Fizika visokotemperaturnoi plasmi</subfield><subfield code="c">Albert Simon, William B. Thompson</subfield></datafield><datafield ind1=" " ind2=" " tag="260"><subfield code="a">Moskva</subfield><subfield code="b">Mir</subfield><subfield code="c">1972</subfield></datafield><datafield ind1=" " ind2=" " tag="300"><subfield code="a">339 p</subfield></datafield><datafield ind1=" " ind2=" " tag="490"><subfield code="a">Uspehi fiziki plazmi</subfield></datafield><datafield ind1=" " ind2=" " tag="500"><subfield code="a">Titlul original in lb. engleza: Advances in Plasma Physics</subfield></datafield><datafield ind1="1" ind2=" " tag="700"><subfield code="a">Thompson, William B</subfield></datafield><datafield ind1=" " ind2=" " tag="852"><subfield code="a">76282</subfield><subfield code="c">533.9</subfield></datafield><datafield ind1=" " ind2=" " tag="CAT"><subfield code="a">Sys</subfield><subfield code="c">20101002</subfield><subfield code="h">123723</subfield></datafield></record></collection>